% 24913003 
@Article{pmid24913003,
   Author="Englander, H.  and Michaels, L.  and Chan, B.  and Kansagara, D. ",
   Title="{{T}he {C}are {T}ransitions {I}nnovation ({C}-{T}ra{I}n) for {S}ocioeconomically {D}isadvantaged {A}dults: {R}esults of a {C}luster {R}andomized {C}ontrolled {T}rial}",
   Journal="J Gen Intern Med",
   Year="2014",
   Pages=" ",
   Month="Jun",
   Note={[DOI:\href{http://dx.doi.org/10.1007/s11606-014-2903-0}{10.1007/s11606-014-2903-0}] [PubMed:\href{http://www.ncbi.nlm.nih.gov/pubmed/24913003}{24913003}] }
}

% 20800442 
@Article{pmid20800442,
   Author="Norris, S. L.  and McNally, T. K.  and Zhang, X.  and Burda, B.  and Chan, B.  and Chowdhury, F. M.  and Zhang, P.  and Patrick, D. ",
   Title="{{P}ublished norms underestimate the health-related quality of life among persons with type 2 diabetes}",
   Journal="J Clin Epidemiol",
   Year="2011",
   Volume="64",
   Pages="358--365",
   Month="Apr",
   Note={[DOI:\href{http://dx.doi.org/10.1016/j.jclinepi.2010.04.016}{10.1016/j.jclinepi.2010.04.016}] [PubMed:\href{http://www.ncbi.nlm.nih.gov/pubmed/20800442}{20800442}] }
}

% 20966702 
@Article{pmid20966702,
   Author="Melnikow, J.  and Kulasingam, S.  and Slee, C.  and Helms, L. J.  and Kuppermann, M.  and Birch, S.  and McGahan, C. E.  and Coldman, A.  and Chan, B. K.  and Sawaya, G. F. ",
   Title="{{S}urveillance after treatment for cervical intraepithelial neoplasia: outcomes, costs, and cost-effectiveness}",
   Journal="Obstet Gynecol",
   Year="2010",
   Volume="116",
   Pages="1158--1170",
   Month="Nov",
   Note={[DOI:\href{http://dx.doi.org/10.1097/AOG.0b013e3181f88e72}{10.1097/AOG.0b013e3181f88e72}] [PubMed:\href{http://www.ncbi.nlm.nih.gov/pubmed/20966702}{20966702}] }
}

% 19920273 
@Article{pmid19920273,
   Author="Nelson, H. D.  and Tyne, K.  and Naik, A.  and Bougatsos, C.  and Chan, B. K.  and Humphrey, L. ",
   Title="{{S}creening for breast cancer: an update for the {U}.{S}. {P}reventive {S}ervices {T}ask {F}orce}",
   Journal="Ann. Intern. Med.",
   Year="2009",
   Volume="151",
   Pages="727--737",
   Month="Nov",
   Note={[PubMed Central:\href{http://www.ncbi.nlm.nih.gov/pmc/articles/PMC2972726}{PMC2972726}] [DOI:\href{http://dx.doi.org/10.1059/0003-4819-151-10-200911170-00009}{10.1059/0003-4819-151-10-200911170-00009}] [PubMed:\href{http://www.ncbi.nlm.nih.gov/pubmed/19920273}{19920273}] }
}

% 19805598 
@Article{pmid19805598,
   Author="Faulkner, K. A.  and Chan, B. K.  and Cauley, J. A.  and Marshall, L. M.  and Ensrud, K. E.  and Stefanick, M. L.  and Orwoll, E. S. ",
   Title="{{H}istories including number of falls may improve risk prediction for certain non-vertebral fractures in older men}",
   Journal="Inj. Prev.",
   Year="2009",
   Volume="15",
   Pages="307--311",
   Month="Oct",
   Note={[PubMed Central:\href{http://www.ncbi.nlm.nih.gov/pmc/articles/PMC3145210}{PMC3145210}] [DOI:\href{http://dx.doi.org/10.1136/ip.2009.021915}{10.1136/ip.2009.021915}] [PubMed:\href{http://www.ncbi.nlm.nih.gov/pubmed/19805598}{19805598}] }
}

% 19734455 
@Article{pmid19734455,
   Author="Orwoll, E. S.  and Chan, B. K.  and Lambert, L. C.  and Marshall, L. M.  and Lewis, C.  and Phipps, K. R. ",
   Title="{{S}ex steroids, periodontal health, and tooth loss in older men}",
   Journal="J. Dent. Res.",
   Year="2009",
   Volume="88",
   Pages="704--708",
   Month="Aug",
   Note={[PubMed Central:\href{http://www.ncbi.nlm.nih.gov/pmc/articles/PMC2841022}{PMC2841022}] [DOI:\href{http://dx.doi.org/10.1177/0022034509341013}{10.1177/0022034509341013}] [PubMed:\href{http://www.ncbi.nlm.nih.gov/pubmed/19734455}{19734455}] }
}

% 19719703 
@Article{pmid19719703,
   Author="Norris, S. L.  and Lee, N.  and Thakurta, S.  and Chan, B. K. ",
   Title="{{E}xenatide efficacy and safety: a systematic review}",
   Journal="Diabet. Med.",
   Year="2009",
   Volume="26",
   Pages="837--846",
   Month="Sep",
   Note={[DOI:\href{http://dx.doi.org/10.1111/j.1464-5491.2009.02790.x}{10.1111/j.1464-5491.2009.02790.x}] [PubMed:\href{http://www.ncbi.nlm.nih.gov/pubmed/19719703}{19719703}] }
}

% 19490134 
@Article{pmid19490134,
   Author="Phipps, K. R.  and Chan, B. K.  and Jennings-Holt, M.  and Geurs, N. C.  and Reddy, M. S.  and Lewis, C. E.  and Orwoll, E. S. ",
   Title="{{P}eriodontal health of older men: the {M}r{O}{S} dental study}",
   Journal="Gerodontology",
   Year="2009",
   Volume="26",
   Pages="122--129",
   Month="Jun",
   Note={[DOI:\href{http://dx.doi.org/10.1111/j.1741-2358.2008.00231.x}{10.1111/j.1741-2358.2008.00231.x}] [PubMed:\href{http://www.ncbi.nlm.nih.gov/pubmed/19490134}{19490134}] }
}

% 19341421 
@Article{pmid19341421,
   Author="Chou, R.  and Chan, B. K. ",
   Title="{{E}rror in calculation of indirect analyses}",
   Journal="J. Viral Hepat.",
   Year="2009",
   Volume="16",
   Pages="376",
   Month="May",
   Note={[DOI:\href{http://dx.doi.org/10.1111/j.1365-2893.2009.01121.x}{10.1111/j.1365-2893.2009.01121.x}] [PubMed:\href{http://www.ncbi.nlm.nih.gov/pubmed/19341421}{19341421}] }
}

% 19167697 
@Article{pmid19167697,
   Author="Chan, B. K.  and Melnikow, J.  and Slee, C. A.  and Arellanes, R.  and Sawaya, G. F. ",
   Title="{{P}osttreatment human papillomavirus testing for recurrent cervical intraepithelial neoplasia: a systematic review}",
   Journal="Am. J. Obstet. Gynecol.",
   Year="2009",
   Volume="200",
   Pages="1--9",
   Month="Apr",
   Note={[PubMed Central:\href{http://www.ncbi.nlm.nih.gov/pmc/articles/PMC2784953}{PMC2784953}] [DOI:\href{http://dx.doi.org/10.1016/j.ajog.2008.11.031}{10.1016/j.ajog.2008.11.031}] [PubMed:\href{http://www.ncbi.nlm.nih.gov/pubmed/19167697}{19167697}] }
}

% 19089502 
@Article{pmid19089502,
   Author="Chou, R.  and Carson, S.  and Chan, B. K. ",
   Title="{{G}abapentin versus tricyclic antidepressants for diabetic neuropathy and post-herpetic neuralgia: discrepancies between direct and indirect meta-analyses of randomized controlled trials}",
   Journal="J Gen Intern Med",
   Year="2009",
   Volume="24",
   Pages="178--188",
   Month="Feb",
   Note={[PubMed Central:\href{http://www.ncbi.nlm.nih.gov/pmc/articles/PMC2628998}{PMC2628998}] [DOI:\href{http://dx.doi.org/10.1007/s11606-008-0877-5}{10.1007/s11606-008-0877-5}] [PubMed:\href{http://www.ncbi.nlm.nih.gov/pubmed/19089502}{19089502}] }
}

% 18482285 
@Article{pmid18482285,
   Author="Chou, R.  and Carson, S.  and Chan, B. K. ",
   Title="{{P}egylated interferons for chronic hepatitis {C} virus infection: an indirect analysis of randomized trials}",
   Journal="J. Viral Hepat.",
   Year="2008",
   Month="May",
   Note={[DOI:\href{http://dx.doi.org/10.1111/j.1365-2893.2008.00984.x}{10.1111/j.1365-2893.2008.00984.x}] [PubMed:\href{http://www.ncbi.nlm.nih.gov/pubmed/18482285}{18482285}] }
}

% 18348697 
@Article{pmid18348697,
   Author="Black, D. M.  and Bouxsein, M. L.  and Marshall, L. M.  and Cummings, S. R.  and Lang, T. F.  and Cauley, J. A.  and Ensrud, K. E.  and Nielson, C. M.  and Orwoll, E. S.  and Cummings, S. R.  and Bauer, D. C.  and Black, D. M.  and Cawthon, P. M.  and Nevitt, M. C.  and Stone, K. L.  and Fullman, R.  and Benard, R.  and Blackwell, T.  and Concepcion, L.  and Diehl, J.  and Ewing, S.  and Fox, C.  and Jaime-Chavez, M.  and Kwan, E.  and Litwack, S.  and Liu, W.  and Lui, L. Y.  and Mills, A.  and Nusgarten, L.  and Parimi, N.  and Palermo, L.  and Perreault, L.  and Schneider, J.  and Scott, R.  and Orwoll, E.  and Phipps, K.  and Marshall, L.  and Blank, J. B.  and Lambert, L.  and Chan, B.  and Neevel, D.  and Lewis, C. E.  and Shikany, J.  and Johnson, P.  and Oden, C.  and Webb, N.  and Hardy, K.  and Felder, S.  and Grayson, P.  and Wilkoff, J.  and King, J.  and Johnsey, T.  and Young, M.  and Johnson, C. Y.  and Atkins, C.  and Collier, C.  and Smith, J.  and Sassaman, C.  and Ensrud, K.  and Fink, H.  and King, D.  and Michaels, N.  and Nelson, N.  and Bird, C.  and Blanks, D.  and Imker-Witte, F.  and Moen, K.  and Paudel, M.  and Slindee, M.  and Stefanick, M.  and Hoffman, A.  and Kent, K.  and Malig, B.  and Wong, S.  and Cauley, J.  and Zmuda, J.  and Danielson, M.  and Harper, L.  and Buck, L.  and Nasim, M.  and Cusick, D.  and Gorecki, M.  and Watson, N.  and Bashada, C.  and Newman, C.  and Barrett-Connor, E.  and Dam, T.  and Carrion-Petersen, M. L.  and Miller, P.  and Kamantigue, N. ",
   Title="{{P}roximal femoral structure and the prediction of hip fracture in men: a large prospective study using {Q}{C}{T}}",
   Journal="J. Bone Miner. Res.",
   Year="2008",
   Volume="23",
   Pages="1326--1333",
   Month="Aug",
   Note={[PubMed Central:\href{http://www.ncbi.nlm.nih.gov/pmc/articles/PMC2680175}{PMC2680175}] [DOI:\href{http://dx.doi.org/10.1359/jbmr.080316}{10.1359/jbmr.080316}] [PubMed:\href{http://www.ncbi.nlm.nih.gov/pubmed/18348697}{18348697}] }
}

% 17959906 
@Article{pmid17959906,
   Author="Phipps, K. R.  and Chan, B. K.  and Madden, T. E.  and Geurs, N. C.  and Reddy, M. S.  and Lewis, C. E.  and Orwoll, E. S. ",
   Title="{{L}ongitudinal study of bone density and periodontal disease in men}",
   Journal="J. Dent. Res.",
   Year="2007",
   Volume="86",
   Pages="1110--1114",
   Month="Nov",
   Note={[PubMed:\href{http://www.ncbi.nlm.nih.gov/pubmed/17959906}{17959906}] }
}

% 17892375 
@Article{pmid17892375,
   Author="Marshall, L. M.  and Zmuda, J. M.  and Chan, B. K.  and Barrett-Connor, E.  and Cauley, J. A.  and Ensrud, K. E.  and Lang, T. F.  and Orwoll, E. S. ",
   Title="{{R}ace and ethnic variation in proximal femur structure and {B}{M}{D} among older men}",
   Journal="J. Bone Miner. Res.",
   Year="2008",
   Volume="23",
   Pages="121--130",
   Month="Jan",
   Note={[PubMed Central:\href{http://www.ncbi.nlm.nih.gov/pmc/articles/PMC2663587}{PMC2663587}] [DOI:\href{http://dx.doi.org/10.1359/jbmr.070908}{10.1359/jbmr.070908}] [PubMed:\href{http://www.ncbi.nlm.nih.gov/pubmed/17892375}{17892375}] }
}

% 17592284 
@Article{pmid17592284,
   Author="Chang, E. Y.  and Morris, C. D.  and Seltman, A. K.  and O'Rourke, R. W.  and Chan, B. K.  and Hunter, J. G.  and Jobe, B. A. ",
   Title="{{T}he effect of antireflux surgery on esophageal carcinogenesis in patients with barrett esophagus: a systematic review}",
   Journal="Ann. Surg.",
   Year="2007",
   Volume="246",
   Pages="11--21",
   Month="Jul",
   Note={[PubMed Central:\href{http://www.ncbi.nlm.nih.gov/pmc/articles/PMC1899200}{PMC1899200}] [DOI:\href{http://dx.doi.org/10.1097/01.sla.0000261459.10565.e9}{10.1097/01.sla.0000261459.10565.e9}] [PubMed:\href{http://www.ncbi.nlm.nih.gov/pubmed/17592284}{17592284}] }
}

% 17592097 
@Article{pmid17592097,
   Author="Haney, E. M.  and Chan, B. K.  and Diem, S. J.  and Ensrud, K. E.  and Cauley, J. A.  and Barrett-Connor, E.  and Orwoll, E.  and Bliziotes, M. M. ",
   Title="{{A}ssociation of low bone mineral density with selective serotonin reuptake inhibitor use by older men}",
   Journal="Arch. Intern. Med.",
   Year="2007",
   Volume="167",
   Pages="1246--1251",
   Month="Jun",
   Note={[DOI:\href{http://dx.doi.org/10.1001/archinte.167.12.1246}{10.1001/archinte.167.12.1246}] [PubMed:\href{http://www.ncbi.nlm.nih.gov/pubmed/17592097}{17592097}] }
}

% 17466665 
@Article{pmid17466665,
   Author="Renner, R. M.  and Eden, K. B.  and Osterweil, P.  and Chan, B. K.  and Guise, J. M. ",
   Title="{{I}nformational factors influencing patient's childbirth preferences after prior cesarean}",
   Journal="Am. J. Obstet. Gynecol.",
   Year="2007",
   Volume="196",
   Pages="e14--16",
   Month="May",
   Note={[DOI:\href{http://dx.doi.org/10.1016/j.ajog.2006.10.863}{10.1016/j.ajog.2006.10.863}] [PubMed:\href{http://www.ncbi.nlm.nih.gov/pubmed/17466665}{17466665}] }
}

% 17409366 
@Article{pmid17409366,
   Author="Meenan, R. T.  and Saha, S.  and Chou, R.  and Swarztrauber, K.  and Pyle Krages, K.  and O'Keeffe-Rosetti, M. C.  and McDonagh, M.  and Chan, B. K.  and Hornbrook, M. C.  and Helfand, M. ",
   Title="{{C}ost-effectiveness of echocardiography to identify intracardiac thrombus among patients with first stroke or transient ischemic attack}",
   Journal="Med Decis Making",
   Year="2007",
   Volume="27",
   Pages="161--177",
   Note={[DOI:\href{http://dx.doi.org/10.1177/0272989X06297388}{10.1177/0272989X06297388}] [PubMed:\href{http://www.ncbi.nlm.nih.gov/pubmed/17409366}{17409366}] }
}

% 17194749 
@Article{pmid17194749,
   Author="Chan, B. K.  and Marshall, L. M.  and Winters, K. M.  and Faulkner, K. A.  and Schwartz, A. V.  and Orwoll, E. S. ",
   Title="{{I}ncident fall risk and physical activity and physical performance among older men: the {O}steoporotic {F}ractures in {M}en {S}tudy}",
   Journal="Am. J. Epidemiol.",
   Year="2007",
   Volume="165",
   Pages="696--703",
   Month="Mar",
   Note={[DOI:\href{http://dx.doi.org/10.1093/aje/kwk050}{10.1093/aje/kwk050}] [PubMed:\href{http://www.ncbi.nlm.nih.gov/pubmed/17194749}{17194749}] }
}

% 16824224 
@Article{pmid16824224,
   Author="Haney, E. M.  and Nicolaidis, C.  and Hunter, A.  and Chan, B. K.  and Cooney, T. G.  and Bowen, J. L. ",
   Title="{{R}elationship between resident workload and self-perceived learning on inpatient medicine wards: a longitudinal study}",
   Journal="BMC Med Educ",
   Year="2006",
   Volume="6",
   Pages="35",
   Note={[PubMed Central:\href{http://www.ncbi.nlm.nih.gov/pmc/articles/PMC1550230}{PMC1550230}] [DOI:\href{http://dx.doi.org/10.1186/1472-6920-6-35}{10.1186/1472-6920-6-35}] [PubMed:\href{http://www.ncbi.nlm.nih.gov/pubmed/16824224}{16824224}] }
}

% 15653375 
@Article{pmid15653375,
   Author="Karamlou, T.  and Shen, I.  and Slater, M.  and Crispell, K.  and Chan, B.  and Ravichandran, P. ",
   Title="{{D}ecreased recipient survival following orthotopic heart transplantation with use of hearts from donors with projectile brain injury}",
   Journal="J. Heart Lung Transplant.",
   Year="2005",
   Volume="24",
   Pages="29--33",
   Month="Jan",
   Note={[DOI:\href{http://dx.doi.org/10.1016/j.healun.2003.10.009}{10.1016/j.healun.2003.10.009}] [PubMed:\href{http://www.ncbi.nlm.nih.gov/pubmed/15653375}{15653375}] }
}

% 15566340 
@Article{pmid15566340,
   Author="Ghetti, C.  and Chan, B. K.  and Guise, J. M. ",
   Title="{{P}hysicians' responses to patient-requested cesarean delivery}",
   Journal="Birth",
   Year="2004",
   Volume="31",
   Pages="280--284",
   Month="Dec",
   Note={[DOI:\href{http://dx.doi.org/10.1111/j.0730-7659.2004.00320.x}{10.1111/j.0730-7659.2004.00320.x}] [PubMed:\href{http://www.ncbi.nlm.nih.gov/pubmed/15566340}{15566340}] }
}

% 15231616 
@Article{pmid15231616,
   Author="Guise, J. M.  and McDonagh, M. S.  and Osterweil, P.  and Nygren, P.  and Chan, B. K.  and Helfand, M. ",
   Title="{{S}ystematic review of the incidence and consequences of uterine rupture in women with previous caesarean section}",
   Journal="BMJ",
   Year="2004",
   Volume="329",
   Pages="19--25",
   Month="Jul",
   Note={[PubMed Central:\href{http://www.ncbi.nlm.nih.gov/pmc/articles/PMC443444}{PMC443444}] [DOI:\href{http://dx.doi.org/10.1136/bmj.329.7456.19}{10.1136/bmj.329.7456.19}] [PubMed:\href{http://www.ncbi.nlm.nih.gov/pubmed/15231616}{15231616}] }
}

% 15071438 
@Article{pmid15071438,
   Author="Karamlou, T.  and Landry, G.  and Sexton, G.  and Chan, B.  and Moneta, G.  and Taylor, L. ",
   Title="{{C}reating a useful vascular center: a statewide survey of what primary care physicians really want}",
   Journal="J. Vasc. Surg.",
   Year="2004",
   Volume="39",
   Pages="763--770",
   Month="Apr",
   Note={[DOI:\href{http://dx.doi.org/10.1016/j.jvs.2003.12.024}{10.1016/j.jvs.2003.12.024}] [PubMed:\href{http://www.ncbi.nlm.nih.gov/pubmed/15071438}{15071438}] }
}

% 15040435 
@Article{pmid15040435,
   Author="Guise, J. M.  and Palda, V.  and Westhoff, C.  and Chan, B. K.  and Helfand, M.  and Lieu, T. A. ",
   Title="{{T}he effectiveness of primary care-based interventions to promote breastfeeding: systematic evidence review and meta-analysis for the {U}{S} {P}reventive {S}ervices {T}ask {F}orce}",
   Journal="Ann Fam Med",
   Year="2003",
   Volume="1",
   Pages="70--78",
   Note={[PubMed Central:\href{http://www.ncbi.nlm.nih.gov/pmc/articles/PMC1466575}{PMC1466575}] [PubMed:\href{http://www.ncbi.nlm.nih.gov/pubmed/15040435}{15040435}] }
}

% 14990401 
@Article{pmid14990401,
   Author="Guise, J. M.  and Berlin, M.  and McDonagh, M.  and Osterweil, P.  and Chan, B.  and Helfand, M. ",
   Title="{{S}afety of vaginal birth after cesarean: a systematic review}",
   Journal="Obstet Gynecol",
   Year="2004",
   Volume="103",
   Pages="420--429",
   Month="Mar",
   Note={[DOI:\href{http://dx.doi.org/10.1097/01.AOG.0000116259.41678.f1}{10.1097/01.AOG.0000116259.41678.f1}] [PubMed:\href{http://www.ncbi.nlm.nih.gov/pubmed/14990401}{14990401}] }
}

% 14691002 
@Article{pmid14691002,
   Author="Hunter, A. J.  and Desai, S. S.  and Harrison, R. A.  and Chan, B. K. ",
   Title="{{M}edical student evaluation of the quality of hospitalist and nonhospitalist teaching faculty on inpatient medicine rotations}",
   Journal="Acad Med",
   Year="2004",
   Volume="79",
   Pages="78--82",
   Month="Jan",
   Note={[PubMed:\href{http://www.ncbi.nlm.nih.gov/pubmed/14691002}{14691002}] }
}

% 12883491 
@Article{pmid12883491,
   Author="Rosen, H. R.  and Prieto, M.  and Casanovas-Taltavull, T.  and Cuervas-Mons, V.  and Guckelberger, O.  and Muiesan, P.  and Strong, R. W.  and Bechstein, W. O.  and O'grady, J.  and Zaman, A.  and Chan, B.  and Berenguer, J.  and Williams, R.  and Heaton, N.  and Neuhaus, P. ",
   Title="{{V}alidation and refinement of survival models for liver retransplantation}",
   Journal="Hepatology",
   Year="2003",
   Volume="38",
   Pages="460--469",
   Month="Aug",
   Note={[DOI:\href{http://dx.doi.org/10.1053/jhep.2003.50328}{10.1053/jhep.2003.50328}] [PubMed:\href{http://www.ncbi.nlm.nih.gov/pubmed/12883491}{12883491}] }
}

% 12727561 
@Article{pmid12727561,
   Author="Karamlou, T.  and Johnson, N. M.  and Chan, B.  and Franzini, D.  and Mahin, D. ",
   Title="{{A}ccuracy of intraoperative touch imprint cytologic analysis of sentinel lymph nodes in breast cancer}",
   Journal="Am. J. Surg.",
   Year="2003",
   Volume="185",
   Pages="425--428",
   Month="May",
   Note={[PubMed:\href{http://www.ncbi.nlm.nih.gov/pubmed/12727561}{12727561}] }
}

% 12713068 
@Article{pmid12713068,
   Author="Garcia, J. A.  and Yee, M. C.  and Chan, B. K.  and Romano, P. S. ",
   Title="{{P}otentially avoidable rehospitalizations following acute myocardial infarction by insurance status}",
   Journal="J Community Health",
   Year="2003",
   Volume="28",
   Pages="167--184",
   Month="Jun",
   Note={[PubMed:\href{http://www.ncbi.nlm.nih.gov/pubmed/12713068}{12713068}] }
}

% 12401153 
@Article{pmid12401153,
   Author="Melnikow, J.  and Kuppermann, M.  and Birch, S.  and Chan, B. K.  and Nuovo, J. ",
   Title="{{M}anagement of the low-grade abnormal {P}ap smear: {W}hat are women's preferences?}",
   Journal="J Fam Pract",
   Year="2002",
   Volume="51",
   Pages="849--855",
   Month="Oct",
   Note={[PubMed:\href{http://www.ncbi.nlm.nih.gov/pubmed/12401153}{12401153}] }
}

% 12395020 
@Article{pmid12395020,
   Author="Romano, P. S.  and Chan, B. K.  and Schembri, M. E.  and Rainwater, J. A. ",
   Title="{{C}an administrative data be used to compare postoperative complication rates across hospitals?}",
   Journal="Med Care",
   Year="2002",
   Volume="40",
   Pages="856--867",
   Month="Oct",
   Note={[DOI:\href{http://dx.doi.org/10.1097/01.MLR.0000027452.96163.A4}{10.1097/01.MLR.0000027452.96163.A4}] [PubMed:\href{http://www.ncbi.nlm.nih.gov/pubmed/12395020}{12395020}] }
}

% 12204020 
@Article{pmid12204020,
   Author="Humphrey, L. L.  and Helfand, M.  and Chan, B. K.  and Woolf, S. H. ",
   Title="{{B}reast cancer screening: a summary of the evidence for the {U}.{S}. {P}reventive {S}ervices {T}ask {F}orce}",
   Journal="Ann. Intern. Med.",
   Year="2002",
   Volume="137",
   Pages="347--360",
   Month="Sep",
   Note={[PubMed:\href{http://www.ncbi.nlm.nih.gov/pubmed/12204020}{12204020}] }
}

% 12187569 
@Article{pmid12187569,
   Author="Meenan, R. T.  and Saha, S.  and Chou, R.  and Swarztrauber, K.  and Krages, K. P.  and O'Keefee-Rosetti, M.  and McDonagh, M.  and Chan, B. K.  and Hornbrook, M. C.  and Helfand, M. ",
   Title="{{E}ffectiveness and cost-effectiveness of echocardiography and carotid imaging in the management of stroke}",
   Journal="Evid Rep Technol Assess (Summ)",
   Year="2002",
   Pages="1--10",
   Month="Jul",
   Note={[PubMed:\href{http://www.ncbi.nlm.nih.gov/pubmed/12187569}{12187569}] }
}

% 12186518 
@Article{pmid12186518,
   Author="Humphrey, L. L.  and Chan, B. K.  and Sox, H. C. ",
   Title="{{P}ostmenopausal hormone replacement therapy and the primary prevention of cardiovascular disease}",
   Journal="Ann. Intern. Med.",
   Year="2002",
   Volume="137",
   Pages="273--284",
   Month="Aug",
   Note={[PubMed:\href{http://www.ncbi.nlm.nih.gov/pubmed/12186518}{12186518}] }
}

% 11992304 
@Article{pmid11992304,
   Author="Miller, J.  and Chan, B. K.  and Nelson, H. D. ",
   Title="{{P}ostmenopausal estrogen replacement and risk for venous thromboembolism: a systematic review and meta-analysis for the {U}.{S}. {P}reventive {S}ervices {T}ask {F}orce}",
   Journal="Ann. Intern. Med.",
   Year="2002",
   Volume="136",
   Pages="680--690",
   Month="May",
   Note={[PubMed:\href{http://www.ncbi.nlm.nih.gov/pubmed/11992304}{11992304}] }
}

% 11569328 
@Article{pmid11569328,
   Author="Hersh, W. R.  and Wallace, J. A.  and Patterson, P. K.  and Shapiro, S. E.  and Kraemer, D. F.  and Eilers, G. M.  and Chan, B. K.  and Greenlick, M. R.  and Helfand, M. ",
   Title="{{T}elemedicine for the {M}edicare population: pediatric, obstetric, and clinician-indirect home interventions}",
   Journal="Evid Rep Technol Assess (Summ)",
   Year="2001",
   Pages="1--32",
   Month="Aug",
   Note={[PubMed:\href{http://www.ncbi.nlm.nih.gov/pubmed/11569328}{11569328}] }
}

% 11255426 
@Article{pmid11255426,
   Author="LeBlanc, E. S.  and Janowsky, J.  and Chan, B. K.  and Nelson, H. D. ",
   Title="{{H}ormone replacement therapy and cognition: systematic review and meta-analysis}",
   Journal="JAMA",
   Year="2001",
   Volume="285",
   Pages="1489--1499",
   Month="Mar",
   Note={[PubMed:\href{http://www.ncbi.nlm.nih.gov/pubmed/11255426}{11255426}] }
}

% 11252763 
@Article{pmid11252763,
   Author="Hersh, W. R.  and Wallace, J. A.  and Patterson, P. K.  and Shapiro, S. E.  and Kraemer, D. F.  and Eilers, G. M.  and Chan, B. K.  and Greenlick, M. R.  and Helfand, M. ",
   Title="{{T}elemedicine for the {M}edicare population}",
   Journal="Evid Rep Technol Assess (Summ)",
   Year="2001",
   Pages="1--6",
   Month="Feb",
   Note={[PubMed:\href{http://www.ncbi.nlm.nih.gov/pubmed/11252763}{11252763}] }
}

% 11030000 
@Article{pmid11030000,
   Author="Melnikow, J.  and Kohatsu, N. D.  and Chan, B. K. ",
   Title="{{P}ut prevention into practice: a controlled evaluation}",
   Journal="Am J Public Health",
   Year="2000",
   Volume="90",
   Pages="1622--1625",
   Month="Oct",
   Note={[PubMed Central:\href{http://www.ncbi.nlm.nih.gov/pmc/articles/PMC1446373}{PMC1446373}] [PubMed:\href{http://www.ncbi.nlm.nih.gov/pubmed/11030000}{11030000}] }
}

% 10922225 
@Article{pmid10922225,
   Author="Cohen, J.  and Stock, M.  and Chan, B.  and Meininger, M.  and Wax, M.  and Andersen, P.  and Everts, E. ",
   Title="{{M}icrovascular reconstruction and tracheotomy are significant determinants of resource utilization in head and neck surgery}",
   Journal="Arch. Otolaryngol. Head Neck Surg.",
   Year="2000",
   Volume="126",
   Pages="947--949",
   Month="Aug",
   Note={[PubMed:\href{http://www.ncbi.nlm.nih.gov/pubmed/10922225}{10922225}] }
}

% 10919917 
@Article{pmid10919917,
   Author="Watzke, R. C.  and Klein, M. L.  and Hiner, C. J.  and Chan, B. K.  and Kraemer, D. F. ",
   Title="{{A} comparison of stereoscopic fluorescein angiography with indocyanine green videoangiography in age-related macular degeneration}",
   Journal="Ophthalmology",
   Year="2000",
   Volume="107",
   Pages="1601--1606",
   Month="Aug",
   Note={[PubMed:\href{http://www.ncbi.nlm.nih.gov/pubmed/10919917}{10919917}] }
}

% 10843314 
@Article{pmid10843314,
   Author="Garcia, J. A.  and Romano, P. S.  and Chan, B. K.  and Kass, P. H.  and Robbins, J. A. ",
   Title="{{S}ociodemographic factors and the assignment of do-not-resuscitate orders in patients with acute myocardial infarctions}",
   Journal="Med Care",
   Year="2000",
   Volume="38",
   Pages="670--678",
   Month="Jun",
   Note={[PubMed:\href{http://www.ncbi.nlm.nih.gov/pubmed/10843314}{10843314}] }
}

% 10840294 
@Article{pmid10840294,
   Author="Lieberman, D. A.  and de Garmo, P. L.  and Fleischer, D. E.  and Eisen, G. M.  and Chan, B. K.  and Helfand, M. ",
   Title="{{C}olonic neoplasia in patients with nonspecific {G}{I} symptoms}",
   Journal="Gastrointest. Endosc.",
   Year="2000",
   Volume="51",
   Pages="647--651",
   Month="Jun",
   Note={[PubMed:\href{http://www.ncbi.nlm.nih.gov/pubmed/10840294}{10840294}] }
}

% 10737448 
@Article{pmid10737448,
   Author="Romano, P. S.  and Chan, B. K. ",
   Title="{{R}isk-adjusting acute myocardial infarction mortality: are {A}{P}{R}-{D}{R}{G}s the right tool?}",
   Journal="Health Serv Res",
   Year="2000",
   Volume="34",
   Pages="1469--1489",
   Month="Mar",
   Note={[PubMed Central:\href{http://www.ncbi.nlm.nih.gov/pmc/articles/PMC1975668}{PMC1975668}] [PubMed:\href{http://www.ncbi.nlm.nih.gov/pubmed/10737448}{10737448}] }
}

% 10687833 
@Article{pmid10687833,
   Author="Nuovo, J.  and Melnikow, J.  and Willan, A. R.  and Chan, B. K. ",
   Title="{{T}reatment outcomes for squamous intraepithelial lesions}",
   Journal="Int J Gynaecol Obstet",
   Year="2000",
   Volume="68",
   Pages="25--33",
   Month="Jan",
   Note={[PubMed:\href{http://www.ncbi.nlm.nih.gov/pubmed/10687833}{10687833}] }
}

% 10575390 
@Article{pmid10575390,
   Author="Melnikow, J.  and Chan, B. K.  and Stewart, G. K. ",
   Title="{{D}o follow-up recommendations for abnormal {P}apanicolaou smears influence patient adherence?}",
   Journal="Arch Fam Med",
   Year="1999",
   Volume="8",
   Pages="510--514",
   Note={[PubMed:\href{http://www.ncbi.nlm.nih.gov/pubmed/10575390}{10575390}] }
}

% 9764690 
@Article{pmid9764690,
   Author="Melnikow, J.  and Nuovo, J.  and Willan, A. R.  and Chan, B. K.  and Howell, L. P. ",
   Title="{{N}atural history of cervical squamous intraepithelial lesions: a meta-analysis}",
   Journal="Obstet Gynecol",
   Year="1998",
   Volume="92",
   Pages="727--735",
   Month="Oct",
   Note={[PubMed:\href{http://www.ncbi.nlm.nih.gov/pubmed/9764690}{9764690}] }
}

% 8537585 
@Article{pmid8537585,
   Author="Coleman, E. A.  and Buchner, D. M.  and Cress, M. E.  and Chan, B. K.  and de Lateur, B. J. ",
   Title="{{T}he relationship of joint symptoms with exercise performance in older adults}",
   Journal="J Am Geriatr Soc",
   Year="1996",
   Volume="44",
   Pages="14--21",
   Month="Jan",
   Note={[PubMed:\href{http://www.ncbi.nlm.nih.gov/pubmed/8537585}{8537585}] }
}

